@Article{pinker_90_natural,
  author = 	 {S. Pinker and P. Bloom},
  title = 	 {Natural language and natural selection},
  journal = 	 {Behavioral and Brain Sciences},
  year = 	 1990,
  volume =	 13,
  pages =	 {707--784}
}

@Book{tomasello_03_constructing,
  author =	 {Tomasello, M.},
  title = 	 {Constructing a language: A usage-based theory of language acquisition.},
  publisher = 	 {Harvard University Press},
  year = 	 2003,
  address =	 {Cambridge, MA}
}



@InCollection{hauser_03_uniquely,
  author = 	 {M. D. Hauser and W. T. Fitch},
  title = 	 {What are the uniquely human components of the language faculty?},
  booktitle = 	 {Language Evolution},
  pages =	 {158--181},
  publisher =	 {Oxford University Press},
  year =	 2003,
  editor =	 {M. H. Christiansen and S. Kirby},
  address =	 {Oxford}
}

% Cultural Evolution Sources:
@inproceedings{wang2014sensing,
  title={Sensing a live audience},
  author={Wang, Chen and Geelhoed, Erik N and Stenton, Phil P and Cesar, Pablo},
  booktitle={Proceedings of the SIGCHI Conference on Human Factors in Computing Systems},
  pages={1909--1912},
  year={2014},
  organization={ACM}
}

@article{stubbersfield2015serial,
  title={Serial killers, spiders and cybersex: Social and survival information bias in the transmission of urban legends},
  author={Stubbersfield, Joseph M and Tehrani, Jamshid J and Flynn, Emma G},
  journal={British Journal of Psychology},
  volume={106},
  number={2},
  pages={288--307},
  year={2015},
  publisher={Wiley Online Library}
}

@inproceedings{breithaupt2013disappearance,
  title={The Disappearance of Moral Choice in Serially Reproduced Narratives},
  author={Breithaupt, Fritz and Gardner, Kevin M and Kruschke, John K and Liddell, Torrin M and Zorowitz, Samuel},
  booktitle={2013 Workshop on Computational Models of Narrative},
  year={2013},
  organization={Schloss Dagstuhl-Leibniz-Zentrum fuer Informatik}
}

@article{ferdinand2019cognitive,
  title={The cognitive roots of regularization in language},
  author={Ferdinand, Vanessa and Kirby, Simon and Smith, Kenny},
  journal={Cognition},
  volume={184},
  pages={53--68},
  year={2019},
  publisher={Elsevier}
}

@article{ferdinand2015inductive,
  title={Inductive evolution: cognition, culture, and regularity in language},
  author={Ferdinand, Vanessa Anne},
  year={2015},
  publisher={The University of Edinburgh}
}

@book{dor2015instruction,
  title={The instruction of imagination: Language as a social communication technology},
  author={Dor, Daniel},
  year={2015},
  publisher={Foundations of Human Interacti}
}

% Fourier Analysis Sources:
@article{bruns2004fourier,
  title={Fourier-, Hilbert-and wavelet-based signal analysis: are they really different approaches?},
  author={Bruns, Andreas},
  journal={Journal of neuroscience methods},
  volume={137},
  number={2},
  pages={321--332},
  year={2004},
  publisher={Elsevier}
}

% Hidden Markov Models Sources:
@article{rabiner1986introduction,
  title={An introduction to hidden Markov models},
  author={Rabiner, Lawrence and Juang, B},
  journal={ieee assp magazine},
  volume={3},
  number={1},
  pages={4--16},
  year={1986},
  publisher={IEEE}
}

@inproceedings{kohlschein2006introduction,
  title={An introduction to hidden Markov models},
  author={Kohlschein, Christian},
  booktitle={Probability and Randomization in Computer Science. Seminar in winter semester},
  volume={2007},
  year={2006}
}

% Neural Networks Sources:
@incollection{NIPS2014_5423,
title = {Generative Adversarial Nets},
author = {Goodfellow, Ian and Pouget-Abadie, Jean and Mirza, Mehdi and Xu, Bing and Warde-Farley, David and Ozair, Sherjil and Courville, Aaron and Bengio, Yoshua},
booktitle = {Advances in Neural Information Processing Systems 27},
editor = {Z. Ghahramani and M. Welling and C. Cortes and N. D. Lawrence and K. Q. Weinberger},
pages = {2672--2680},
year = {2014},
publisher = {Curran Associates, Inc.},
url = {http://papers.nips.cc/paper/5423-generative-adversarial-nets.pdf}
}

% Speech Recognition Sources:
@article{oller2010automated,
  title={Automated vocal analysis of naturalistic recordings from children with autism, language delay, and typical development},
  author={Oller, D Kimbrough and Niyogi, P and Gray, S and Richards, JA and Gilkerson, J and Xu, D and Yapanel, U and Warren, SF},
  journal={Proceedings of the National Academy of Sciences},
  volume={107},
  number={30},
  pages={13354--13359},
  year={2010},
  publisher={National Acad Sciences}
}

@article{young2002htk,
  title={The HTK book},
  author={Young, Steve and Evermann, Gunnar and Gales, Mark and Hain, Thomas and Kershaw, Dan and Liu, Xunying and Moore, Gareth and Odell, Julian and Ollason, Dave and Povey, Dan and others},
  journal={Cambridge university engineering department},
  volume={3},
  pages={175},
  year={2002}
}

@inproceedings{graves2013speech,
  title={Speech recognition with deep recurrent neural networks},
  author={Graves, Alex and Mohamed, Abdel-rahman and Hinton, Geoffrey},
  booktitle={Acoustics, speech and signal processing (icassp), 2013 ieee international conference on},
  pages={6645--6649},
  year={2013},
  organization={IEEE}
}

@inproceedings{povey2011kaldi,
  title={The Kaldi speech recognition toolkit},
  author={Povey, Daniel and Ghoshal, Arnab and Boulianne, Gilles and Burget, Lukas and Glembek, Ondrej and Goel, Nagendra and Hannemann, Mirko and Motlicek, Petr and Qian, Yanmin and Schwarz, Petr and others},
  booktitle={IEEE 2011 workshop on automatic speech recognition and understanding},
  number={EPFL-CONF-192584},
  year={2011},
  organization={IEEE Signal Processing Society}
}

@article{gales2008application,
  title={The application of hidden Markov models in speech recognition},
  author={Gales, Mark and Young, Steve},
  journal={Foundations and trends in signal processing},
  volume={1},
  number={3},
  pages={195--304},
  year={2008},
  publisher={Now Publishers Inc.}
}

% Generative Design Sources:
@article{sanguinetti2015automated,
  title={Automated energy performance visualization for BIM},
  author={Sanguinetti, Paola and Eastman, Charles},
  journal={Building Information Modeling: BIM in Current and Future Practice},
  pages={119--128},
  year={2015},
  publisher={Wiley Online Library}
}

@article{krish2011practical,
  title={A practical generative design method},
  author={Krish, Sivam},
  journal={Computer-Aided Design},
  volume={43},
  number={1},
  pages={88--100},
  year={2011},
  publisher={Elsevier}
}

% Evolutionary Algorithm Sources:
@article{sole2010language,
  title={Language networks: Their structure, function, and evolution},
  author={Sol{\'e}, Ricard V and Corominas-Murtra, Bernat and Valverde, Sergi and Steels, Luc},
  journal={Complexity},
  volume={15},
  number={6},
  pages={20--26},
  year={2010},
  publisher={Wiley Online Library}
}

@article{kwong2001optimisation,
  title={Optimisation of HMM topology and its model parameters by genetic algorithms},
  author={Kwong, Sam and Chau, Chak-Wai and Man, Kim-Fung and Tang, Kit-Sang},
  journal={Pattern recognition},
  volume={34},
  number={2},
  pages={509--522},
  year={2001},
  publisher={Elsevier}
}

@inproceedings{chau1997optimization,
  title={Optimization of HMM by a genetic algorithm},
  author={Chau, Chak-Wai and Kwong, Sam and Diu, CK and Fahrner, Wolfgang R},
  booktitle={1997 IEEE International Conference on Acoustics, Speech, and Signal Processing},
  volume={3},
  pages={1727--1730},
  year={1997},
  organization={IEEE}
}

% Processing Programming Sources:
@article{reas2006processing,
  title={Processing: programming for the media arts},
  author={Reas, Casey and Fry, Ben},
  journal={AI \& SOCIETY},
  volume={20},
  number={4},
  pages={526--538},
  year={2006},
  publisher={Springer}
}
% -----------------------------------------------------------------------
% Document End
% -----------------------------------------------------------------------
